<collection xmlns="http://www.loc.gov/MARC21/slim">
<record>
  <leader>01462nam0a22002771i 450 </leader>
  <controlfield tag="001">IT\ICCU\CNCE\052330</controlfield>
  <controlfield tag="005">20110607000000.0</controlfield>
  <datafield tag="012" ind1=" " ind2=" ">
    <subfield code="a">n-da eli, n-me ,&amp;i- (C) 1599 (Q)</subfield>
    <subfield code="2">fei</subfield>
  </datafield>
  <datafield tag="100" ind1=" " ind2=" ">
    <subfield code="a">20010904f1599        0itac0103    ba</subfield>
  </datafield>
  <datafield tag="101" ind1=" " ind2=" ">
    <subfield code="a">ITA</subfield>
  </datafield>
  <datafield tag="102" ind1=" " ind2=" ">
    <subfield code="a">IT</subfield>
  </datafield>
  <datafield tag="200" ind1="1" ind2=" ">
    <subfield code="a">Parti prese nell&apos;eccelso Cons. di Diece. In proposito de giuochi, bettoli, &amp; redutti. Publicate de ordine delli eccellentiss. sig. essecutori contra la biastemma. In essecution della parte di esso eccelso Consiglio, de 30 decembrio passato. Publicate ad8 gennaro 1598</subfield>
  </datafield>
  <datafield tag="210" ind1=" " ind2=" ">
    <subfield code="a">\Venezia!</subfield>
    <subfield code="c">stampate in calle dalle Rasse</subfield>
    <subfield code="d">\1599?!</subfield>
  </datafield>
  <datafield tag="215" ind1=" " ind2=" ">
    <subfield code="a">\2! c.</subfield>
    <subfield code="d">4ʻ</subfield>
  </datafield>
  <datafield tag="300" ind1=" " ind2=" ">
    <subfield code="a">La data si ricava dal titolo, in cui  ̈espressa secondo lo stile veneto</subfield>
  </datafield>
  <datafield tag="620" ind1=" " ind2=" ">
    <subfield code="a">IT</subfield>
    <subfield code="d">Venezia</subfield>
  </datafield>
  <datafield tag="710" ind1="0" ind2="2">
    <subfield code="a">Venezia</subfield>
    <subfield code="c"> &lt;Repubblica&gt;</subfield>
    <subfield code="3">9491</subfield>
  </datafield>
  <datafield tag="712" ind1="0" ind2="2">
    <subfield code="a">Venezia</subfield>
    <subfield code="c"> &lt;Repubblica&gt;</subfield>
    <subfield code="b"> : Esecutori contro la bestemmia</subfield>
    <subfield code="3">IT\ICCU\CNCA\029440</subfield>
  </datafield>
  <datafield tag="712" ind1="0" ind2="2">
    <subfield code="a">Venezia</subfield>
    <subfield code="c"> &lt;Repubblica&gt;</subfield>
    <subfield code="b"> : Consiglio dei Dieci</subfield>
    <subfield code="3">IT\ICCU\CNCA\009105</subfield>
  </datafield>
  <datafield tag="712" ind1="0" ind2="0">
    <subfield code="a">Rampazetto, Giovanni Antonio</subfield>
    <subfield code="3">IT\ICCU\CNCT\000323</subfield>
    <subfield code="4">650</subfield>
  </datafield>
  <datafield tag="791" ind1="0" ind2="0">
    <subfield code="a">Rampazzetto, Giovanni Antonio</subfield>
    <subfield code="3">IT\ICCU\CNCT\005290</subfield>
    <subfield code="z">Rampazetto, Giovanni Antonio</subfield>
  </datafield>
  <datafield tag="791" ind1="0" ind2="0">
    <subfield code="a">Rampazettus, Ioannes Antonius</subfield>
    <subfield code="3">IT\ICCU\CNCT\005291</subfield>
    <subfield code="z">Rampazetto, Giovanni Antonio</subfield>
  </datafield>
  <datafield tag="791" ind1="0" ind2="0">
    <subfield code="a">Rampazetus, Ioannes Antonius</subfield>
    <subfield code="3">IT\ICCU\CNCT\005292</subfield>
    <subfield code="z">Rampazetto, Giovanni Antonio</subfield>
  </datafield>
  <datafield tag="801" ind1=" " ind2="3">
    <subfield code="a">IT</subfield>
    <subfield code="b">ICCU</subfield>
    <subfield code="c">20201115</subfield>
  </datafield>
  <datafield tag="899" ind1=" " ind2=" ">
    <subfield code="a">Biblioteca civica. Feltre</subfield>
    <subfield code="1">BL0091</subfield>
    <subfield code="2">VIA BF</subfield>
  </datafield>
  <datafield tag="899" ind1=" " ind2=" ">
    <subfield code="a">Biblioteca civica. Padova</subfield>
    <subfield code="1">PD0090</subfield>
    <subfield code="2">PUV 55</subfield>
  </datafield>
</record>
</collection>
